<record><leader>00000cas a22000007a 4500</leader><controlfield tag="001">1755965</controlfield><controlfield tag="008">751101c19019999nduwr ne      0    0eng d</controlfield><controlfield tag="009">501</controlfield><datafield ind1=" " ind2=" " tag="010"><subfield code="a">sn 88076318 </subfield></datafield><datafield ind1=" " ind2=" " tag="040"><subfield code="a">MUL</subfield><subfield code="b">eng</subfield><subfield code="c">MUL</subfield><subfield code="d">NOP</subfield></datafield><datafield ind1="1" ind2=" " tag="029"><subfield code="a">AU@</subfield><subfield code="b">000025837429</subfield></datafield><datafield ind1=" " ind2=" " tag="042"><subfield code="a">msc</subfield></datafield><datafield ind1="0" ind2="4" tag="245"><subfield code="a">The Litchville bulletin.</subfield></datafield><datafield ind1=" " ind2=" " tag="260"><subfield code="a">Litchville, N.D. :</subfield><subfield code="b">Hugh Wells,</subfield></datafield><datafield ind1=" " ind2=" " tag="300"><subfield code="a">v. :</subfield><subfield code="b">ill. ;</subfield><subfield code="c">55 cm.</subfield></datafield><datafield ind1=" " ind2=" " tag="310"><subfield code="a">Weekly</subfield></datafield><datafield ind1="0" ind2=" " tag="362"><subfield code="a">Vol. 1, no. 1 (May 10, 1901)-</subfield></datafield><datafield ind1=" " ind2=" " tag="500"><subfield code="a">Official paper:  Barnes County, 1903-1904, 1907-1908; County and City, 1918-1919; Barnes County and Village of Litchville, 1904, 1964-1966; Litchville Village, 1919-1963, 1967; City of Litchville, 1968-1973; Cities of Litchville and Marion, 1974-1981, 1983-   ; Cities of Litchville, Marion and Dickey, 1982.</subfield></datafield><datafield ind1=" " ind2=" " tag="530"><subfield code="a">Available on microfilm from the State Historical Society of North Dakota.</subfield></datafield><datafield ind1=" " ind2=" " tag="752"><subfield code="a">United States</subfield><subfield code="b">North Dakota</subfield><subfield code="c">Barnes</subfield><subfield code="d">Litchville.</subfield></datafield></record>